<?xml version="1.0" encoding="UTF-8"?><record xmlns="http://www.loc.gov/MARC21/slim" xmlns:cinclude="http://apache.org/cocoon/include/1.0" xmlns:zs="http://www.loc.gov/zing/srw/">
  <leader>00671cz  a2200181n  4500</leader>
  <controlfield tag="001">n  98931918 </controlfield>
  <controlfield tag="003">DLC</controlfield>
  <controlfield tag="005">20070628074903.0</controlfield>
  <controlfield tag="008">990922n| acannaabn          |a aaa      </controlfield>
  <datafield tag="010" ind1=" " ind2=" ">
    <subfield code="a">n  98931918 </subfield>
  </datafield>
  <datafield tag="035" ind1=" " ind2=" ">
    <subfield code="a">(OCoLC)oca05089128</subfield>
  </datafield>
  <datafield tag="040" ind1=" " ind2=" ">
    <subfield code="a">DLC</subfield>
    <subfield code="b">eng</subfield>
    <subfield code="c">DLC</subfield>
    <subfield code="d">OCoLC</subfield>
    <subfield code="d">DLC</subfield>
  </datafield>
  <datafield tag="100" ind1="1" ind2=" ">
    <subfield code="a">Reyes, Ma. Gisella N. Dizon-</subfield>
  </datafield>
  <datafield tag="400" ind1="1" ind2=" ">
    <subfield code="a">Dizon-Reyes, Ma. Gisella N.</subfield>
  </datafield>
  <datafield tag="400" ind1="1" ind2=" ">
    <subfield code="a">Reyes, Gisella Dizon-</subfield>
  </datafield>
  <datafield tag="400" ind1="1" ind2=" ">
    <subfield code="a">Dizon-Reyes, Gisella</subfield>
  </datafield>
  <datafield tag="670" ind1=" " ind2=" ">
    <subfield code="a">The laws and jurisprudence on retirement, 1998:</subfield>
    <subfield code="b">t.p. (Ma. Gisella N. Dizon-Reyes, Law Reform Specialist V) p. vii (Atty. Gisella Dizon-Reyes)</subfield>
  </datafield>
  <datafield tag="670" ind1=" " ind2=" ">
    <subfield code="a">Basic criminal law and procedure, 2005:</subfield>
    <subfield code="b">t.p. (Atty. Gisella N. Dizon-Reyes)</subfield>
  </datafield>
</record>